@String(PAMI  = {IEEE TPAMI})
@String(IJCV  = {IJCV})
@String(CVPR  = {CVPR})
@String(ICCV  = {ICCV})
@String(ECCV  = {ECCV})
@String(NIPS  = {NeurIPS})
@String(ICPR  = {ICPR})
@String(BMVC  =	{BMVC})
@String(TOG   = {ACM TOG})
@String(TIP   = {IEEE TIP})
@String(TVCG  = {IEEE TVCG})
@String(TCSVT = {IEEE TCSVT})
@String(TMM   =	{IEEE TMM})
@String(ACMMM = {ACM MM})
@String(ICME  =	{ICME})
@String(ICASSP=	{ICASSP})
@String(ICIP  = {ICIP})
@String(ACCV  = {ACCV})
@String(ICLR  = {ICLR})
@String(IJCAI = {IJCAI})
@String(PR = {PR})
@String(AAAI = {AAAI})
@String(CVPRW= {CVPRW})
@String(CSVT = {IEEE TCSVT})



@String(PAMI = {IEEE Trans. Pattern Anal. Mach. Intell.})
@String(IJCV = {Int. J. Comput. Vis.})
@String(CVPR= {IEEE Conf. Comput. Vis. Pattern Recog.})
@String(ICCV= {Int. Conf. Comput. Vis.})
@String(ECCV= {Eur. Conf. Comput. Vis.})
@String(NIPS= {Adv. Neural Inform. Process. Syst.})
@String(ICPR = {Int. Conf. Pattern Recog.})
@String(BMVC= {Brit. Mach. Vis. Conf.})
@String(TOG= {ACM Trans. Graph.})
@String(TIP  = {IEEE Trans. Image Process.})
@String(TVCG  = {IEEE Trans. Vis. Comput. Graph.})
@String(TMM  = {IEEE Trans. Multimedia})
@String(ACMMM= {ACM Int. Conf. Multimedia})
@String(ICME = {Int. Conf. Multimedia and Expo})
@String(ICASSP=	{ICASSP})
@String(ICIP = {IEEE Int. Conf. Image Process.})
@String(ACCV  = {ACCV})
@String(ICLR = {Int. Conf. Learn. Represent.})
@String(IJCAI = {IJCAI})
@String(PR   = {Pattern Recognition})
@String(AAAI = {AAAI})
@String(CVPRW= {IEEE Conf. Comput. Vis. Pattern Recog. Worksh.})
@String(CSVT = {IEEE Trans. Circuit Syst. Video Technol.})

@String(SPL	= {IEEE Sign. Process. Letters})
@String(VR   = {Vis. Res.})
@String(JOV	 = {J. Vis.})
@String(TVC  = {The Vis. Comput.})
@String(JCST  = {J. Comput. Sci. Tech.})
@String(CGF  = {Comput. Graph. Forum})
@String(CVM = {Computational Visual Media})



@ARTICLE{NormalsMath,
  author={Atkinson, G.A. and Hancock, E.R.},
  journal={IEEE Transactions on Image Processing}, 
  title={Recovery of surface orientation from diffuse polarization}, 
  year={2006},
  volume={15},
  number={6},
  pages={1653-1664},
  doi={10.1109/TIP.2006.871114}}

@article{InverseRenderingYuSmithNehabMethod,
author = {Yu, Ye and Smith, William},
year = {2019},
month = {12},
pages = {1-7},
title = {Depth estimation meets inverse rendering for single image novel view synthesis},
isbn = {978-1-4503-7003-5},
journal = {CVMP '19: European Conference on Visual Media Production},
doi = {10.1145/3359998.3369399}
}

@article{SmithSfPMath,
  doi = {10.1007/978-3-319-46484-8_7},
  url = {https://doi.org/10.1007/978-3-319-46484-8_7},
  year = {2016},
  publisher = {Springer International Publishing},
  pages = {109--125},
  author = {William A. P. Smith and Ravi Ramamoorthi and Silvia Tozza},
  title = {Linear Depth Estimation from an Uncalibrated,  Monocular Polarisation Image},
  booktitle = {Computer Vision {\textendash} {ECCV} 2016}
}

@article{NehabSource,
   author = "Diego Nehab and Szymon Rusinkiewicz and James Davis and Ravi Ramamoorthi",
   title = "Efficiently Combining Positions and Normals for Precise {3D} Geometry",
   journal = "ACM Transactions on Graphics (Proc. of ACM SIGGRAPH 2005)",
   year = "2005",
   month = aug,
   volume = "24",
   number = "3"
}

@article{Kadambi2017,
  doi = {10.1007/s11263-017-1025-7},
  url = {https://doi.org/10.1007/s11263-017-1025-7},
  year = {2017},
  month = jun,
  publisher = {Springer Science and Business Media {LLC}},
  volume = {125},
  number = {1-3},
  pages = {34--51},
  author = {Achuta Kadambi and Vage Taamazyan and Boxin Shi and Ramesh Raskar},
  title = {Depth Sensing Using Geometrically Constrained Polarization Normals},
  journal = {International Journal of Computer Vision}
}

@ARTICLE{atkinson,  author={Smith, William A. P. and Ramamoorthi, Ravi and Tozza, Silvia},  journal={IEEE Transactions on Pattern Analysis and Machine Intelligence},   title={Height-from-Polarisation with Unknown Lighting or Albedo},   year={2019},  volume={41},  number={12},  pages={2875-2888},  doi={10.1109/TPAMI.2018.2868065}}